@inproceedings{microfuge14,
  author = "Akshay K. Singh and Xu Cui and Benjamin Cassell and Bernard Wong and Khuzaima Daudjee",
  title = "{MicroFuge: A Middleware Approach to Providing Performance Isolation in Cloud Storage Systems}",
  booktitle = "International Conference on Distributed Computing Systems (ICDCS)",
  address = {Madrid, Spain},
  year="2014",
  month="July"
}

@INPROCEEDINGS{facebook2013,
  author={Farrington, N. and Andreyev, A},
  booktitle={Optical Interconnects Conference, 2013 IEEE},
  title={Facebook's data center network architecture},
  year={2013},
  month={May}
}

@misc{linden2006,
  author = "Greg Linden",
  title="{Make Data Useful}",
  howpublished="http://www.scribd.com/doc/4970486/Make-Data-Useful-by-Greg-Linden-Amazon-com"
}
